@online{maven,
	author = {Wikipedia},
	title = {Apache Maven},
	url = {https://pt.wikipedia.org/wiki/Apache_Maven},
	year = {2019}
}

@online{github,
	author = {GitHub},
	title = {GitHub is how people build software},
	url = {https://github.com/about},
	year = {2019}
}

@online{orm,
author = {Priscila},
title = {ORM - Object Relational Mapping - Revista Easy .Net Magazine 28},
url = {https://www.devmedia.com.br/orm-object-relational-mapping-revista-easy-net-magazine-28/27158},
year = {20}
}


@article{ide,
author = {Alexandro Klein dos Santos},
title = {Os IDE’s (Ambientes de Desenvolvimento Integrado) como ferramentas de trabalho em informatica},
journal = {Academico(a) do Curso de Ciência da Computação Universidade Federal de Santa Maria (UFSM)},
volume = {1},
number = {1},
year = {20?},
pages = {1--1},
} 